<record><leader>00000cas a22000007a 4500</leader><controlfield tag="001">21474031</controlfield><controlfield tag="008">900503d18321833ohuwr ne      0    0eng d</controlfield><datafield ind1=" " ind2=" " tag="010"><subfield code="a">sn 90068379 </subfield></datafield><datafield ind1=" " ind2=" " tag="040"><subfield code="a">ONP</subfield><subfield code="b">eng</subfield><subfield code="c">ONP</subfield><subfield code="d">OCLCQ</subfield></datafield><datafield ind1=" " ind2=" " tag="042"><subfield code="a">msc</subfield></datafield><datafield ind1="0" ind2=" " tag="130"><subfield code="a">Saturday herald (Saint Marys, Ohio)</subfield></datafield><datafield ind1="1" ind2="4" tag="245"><subfield code="a">The Saturday herald.</subfield></datafield><datafield ind1=" " ind2=" " tag="260"><subfield code="a">St. Mary's, Mercer County, Ohio :</subfield><subfield code="b">Thomas Smith,</subfield><subfield code="c">1832-1833.</subfield></datafield><datafield ind1=" " ind2=" " tag="300"><subfield code="a">v.</subfield></datafield><datafield ind1=" " ind2=" " tag="310"><subfield code="a">Weekly</subfield></datafield><datafield ind1="0" ind2=" " tag="362"><subfield code="a">Vol. 1, no. 1 (Dec. 1, 1832)-v. 1, no. 26 (May 25, 1833).</subfield></datafield><datafield ind1=" " ind2=" " tag="752"><subfield code="a">United States</subfield><subfield code="b">Ohio</subfield><subfield code="c">Auglaize</subfield><subfield code="d">Saint Marys.</subfield></datafield><datafield ind1=" " ind2=" " tag="752"><subfield code="a">United States</subfield><subfield code="b">Ohio</subfield><subfield code="c">Mercer</subfield><subfield code="d">Saint Marys.</subfield></datafield><datafield ind1="0" ind2="0" tag="785"><subfield code="t">Saturday herald, and Mercer County advertiser</subfield><subfield code="w">(DLC)sn 90068380</subfield></datafield></record>